%YAML 1.1
%TAG !u! tag:unity3d.com,2011:
--- !u!1 &1539144701888546401
GameObject:
  m_ObjectHideFlags: 0
  m_CorrespondingSourceObject: {fileID: 0}
  m_PrefabInstance: {fileID: 0}
  m_PrefabAsset: {fileID: 0}
  serializedVersion: 6
  m_Component:
  - component: {fileID: 447934158985702527}
  - component: {fileID: -3478475156709326374}
  m_Layer: 0
  m_Name: TurretGun1
  m_TagString: Untagged
  m_Icon: {fileID: 0}
  m_NavMeshLayer: 0
  m_StaticEditorFlags: 0
  m_IsActive: 1
--- !u!4 &447934158985702527
Transform:
  m_ObjectHideFlags: 0
  m_CorrespondingSourceObject: {fileID: 0}
  m_PrefabInstance: {fileID: 0}
  m_PrefabAsset: {fileID: 0}
  m_GameObject: {fileID: 1539144701888546401}
  m_LocalRotation: {x: 0, y: 0, z: 0, w: 1}
  m_LocalPosition: {x: 0, y: 0, z: 0}
  m_LocalScale: {x: 1, y: 1, z: 1}
  m_Children:
  - {fileID: 4476690290057588962}
  - {fileID: 4005494900731337274}
  m_Father: {fileID: 0}
  m_RootOrder: 0
  m_LocalEulerAnglesHint: {x: 0, y: 0, z: 0}
--- !u!114 &-3478475156709326374
MonoBehaviour:
  m_ObjectHideFlags: 0
  m_CorrespondingSourceObject: {fileID: 0}
  m_PrefabInstance: {fileID: 0}
  m_PrefabAsset: {fileID: 0}
  m_GameObject: {fileID: 1539144701888546401}
  m_Enabled: 1
  m_EditorHideFlags: 0
  m_Script: {fileID: 11500000, guid: 76a974796211c884883db85e0b74024d, type: 3}
  m_Name: 
  m_EditorClassIdentifier: 
  Parts:
    Muzzle: {fileID: 3410665894515817075}
    Tower: {fileID: 1539144701888546401}
    Body: {fileID: 0}
    BaseT: {fileID: 0}
    DefTarget: {fileID: 0}
--- !u!64 &3849458563264910154
MeshCollider:
  m_ObjectHideFlags: 0
  m_CorrespondingSourceObject: {fileID: 0}
  m_PrefabInstance: {fileID: 0}
  m_PrefabAsset: {fileID: 0}
  m_GameObject: {fileID: 2347329067808638537}
  m_Material: {fileID: 0}
  m_IsTrigger: 0
  m_Enabled: 1
  serializedVersion: 4
  m_Convex: 0
  m_CookingOptions: 30
  m_Mesh: {fileID: 8146952703135662212, guid: 694ba5d524ea48749ada021d0ad77b9c, type: 3}
--- !u!114 &2025328653647031427
MonoBehaviour:
  m_ObjectHideFlags: 0
  m_CorrespondingSourceObject: {fileID: 0}
  m_PrefabInstance: {fileID: 0}
  m_PrefabAsset: {fileID: 0}
  m_GameObject: {fileID: 2347329067808638537}
  m_Enabled: 1
  m_EditorHideFlags: 0
  m_Script: {fileID: 11500000, guid: 29412fa0587abc240bcea227686ff032, type: 3}
  m_Name: 
  m_EditorClassIdentifier: 
--- !u!1 &2362705452602770361
GameObject:
  m_ObjectHideFlags: 0
  m_CorrespondingSourceObject: {fileID: 0}
  m_PrefabInstance: {fileID: 0}
  m_PrefabAsset: {fileID: 0}
  serializedVersion: 6
  m_Component:
  - component: {fileID: 671717570019291881}
  m_Layer: 0
  m_Name: Muzle
  m_TagString: Untagged
  m_Icon: {fileID: 0}
  m_NavMeshLayer: 0
  m_StaticEditorFlags: 0
  m_IsActive: 1
--- !u!4 &671717570019291881
Transform:
  m_ObjectHideFlags: 0
  m_CorrespondingSourceObject: {fileID: 0}
  m_PrefabInstance: {fileID: 0}
  m_PrefabAsset: {fileID: 0}
  m_GameObject: {fileID: 2362705452602770361}
  m_LocalRotation: {x: 0, y: 0, z: 0, w: 1}
  m_LocalPosition: {x: 0, y: 0, z: 0}
  m_LocalScale: {x: 1, y: 1, z: 1}
  m_Children:
  - {fileID: 5897797603222718704}
  - {fileID: 4744014351634435000}
  - {fileID: 8412653699080448755}
  m_Father: {fileID: 4476690290057588962}
  m_RootOrder: 0
  m_LocalEulerAnglesHint: {x: 0, y: 0, z: 0}
--- !u!64 &6750808304376880990
MeshCollider:
  m_ObjectHideFlags: 0
  m_CorrespondingSourceObject: {fileID: 0}
  m_PrefabInstance: {fileID: 0}
  m_PrefabAsset: {fileID: 0}
  m_GameObject: {fileID: 2391112999982456965}
  m_Material: {fileID: 0}
  m_IsTrigger: 0
  m_Enabled: 1
  serializedVersion: 4
  m_Convex: 0
  m_CookingOptions: 30
  m_Mesh: {fileID: -6976188158745851305, guid: 694ba5d524ea48749ada021d0ad77b9c, type: 3}
--- !u!114 &7738734802071704214
MonoBehaviour:
  m_ObjectHideFlags: 0
  m_CorrespondingSourceObject: {fileID: 0}
  m_PrefabInstance: {fileID: 0}
  m_PrefabAsset: {fileID: 0}
  m_GameObject: {fileID: 2391112999982456965}
  m_Enabled: 1
  m_EditorHideFlags: 0
  m_Script: {fileID: 11500000, guid: 29412fa0587abc240bcea227686ff032, type: 3}
  m_Name: 
  m_EditorClassIdentifier: 
--- !u!1 &3410665894515817075
GameObject:
  m_ObjectHideFlags: 0
  m_CorrespondingSourceObject: {fileID: 0}
  m_PrefabInstance: {fileID: 0}
  m_PrefabAsset: {fileID: 0}
  serializedVersion: 6
  m_Component:
  - component: {fileID: 4476690290057588962}
  m_Layer: 0
  m_Name: GameObject
  m_TagString: Untagged
  m_Icon: {fileID: 0}
  m_NavMeshLayer: 0
  m_StaticEditorFlags: 0
  m_IsActive: 1
--- !u!4 &4476690290057588962
Transform:
  m_ObjectHideFlags: 0
  m_CorrespondingSourceObject: {fileID: 0}
  m_PrefabInstance: {fileID: 0}
  m_PrefabAsset: {fileID: 0}
  m_GameObject: {fileID: 3410665894515817075}
  m_LocalRotation: {x: 0, y: 0, z: 0, w: 1}
  m_LocalPosition: {x: 0, y: 0, z: 0}
  m_LocalScale: {x: 1, y: 1, z: 1}
  m_Children:
  - {fileID: 671717570019291881}
  m_Father: {fileID: 447934158985702527}
  m_RootOrder: 0
  m_LocalEulerAnglesHint: {x: 0, y: 0, z: 0}
--- !u!64 &5951250018432616482
MeshCollider:
  m_ObjectHideFlags: 0
  m_CorrespondingSourceObject: {fileID: 0}
  m_PrefabInstance: {fileID: 0}
  m_PrefabAsset: {fileID: 0}
  m_GameObject: {fileID: 4606713752550586480}
  m_Material: {fileID: 0}
  m_IsTrigger: 0
  m_Enabled: 1
  serializedVersion: 4
  m_Convex: 0
  m_CookingOptions: 30
  m_Mesh: {fileID: -4108530541069131910, guid: 694ba5d524ea48749ada021d0ad77b9c, type: 3}
--- !u!114 &7883593455413342397
MonoBehaviour:
  m_ObjectHideFlags: 0
  m_CorrespondingSourceObject: {fileID: 0}
  m_PrefabInstance: {fileID: 0}
  m_PrefabAsset: {fileID: 0}
  m_GameObject: {fileID: 4606713752550586480}
  m_Enabled: 1
  m_EditorHideFlags: 0
  m_Script: {fileID: 11500000, guid: 29412fa0587abc240bcea227686ff032, type: 3}
  m_Name: 
  m_EditorClassIdentifier: 
--- !u!1 &6623980126752436554
GameObject:
  m_ObjectHideFlags: 0
  m_CorrespondingSourceObject: {fileID: 0}
  m_PrefabInstance: {fileID: 0}
  m_PrefabAsset: {fileID: 0}
  serializedVersion: 6
  m_Component:
  - component: {fileID: 5897797603222718704}
  m_Layer: 0
  m_Name: GameObject (1)
  m_TagString: Untagged
  m_Icon: {fileID: 0}
  m_NavMeshLayer: 0
  m_StaticEditorFlags: 0
  m_IsActive: 1
--- !u!4 &5897797603222718704
Transform:
  m_ObjectHideFlags: 0
  m_CorrespondingSourceObject: {fileID: 0}
  m_PrefabInstance: {fileID: 0}
  m_PrefabAsset: {fileID: 0}
  m_GameObject: {fileID: 6623980126752436554}
  m_LocalRotation: {x: 0, y: 0, z: 0, w: 1}
  m_LocalPosition: {x: 0.033, y: 0.151, z: 1.444}
  m_LocalScale: {x: 1, y: 1, z: 1}
  m_Children: []
  m_Father: {fileID: 671717570019291881}
  m_RootOrder: 0
  m_LocalEulerAnglesHint: {x: 0, y: 0, z: 0}
--- !u!1 &8767599814198282766
GameObject:
  m_ObjectHideFlags: 0
  m_CorrespondingSourceObject: {fileID: 0}
  m_PrefabInstance: {fileID: 0}
  m_PrefabAsset: {fileID: 0}
  serializedVersion: 6
  m_Component:
  - component: {fileID: 4005494900731337274}
  m_Layer: 0
  m_Name: ConnectionPoint
  m_TagString: Untagged
  m_Icon: {fileID: 0}
  m_NavMeshLayer: 0
  m_StaticEditorFlags: 0
  m_IsActive: 1
--- !u!4 &4005494900731337274
Transform:
  m_ObjectHideFlags: 0
  m_CorrespondingSourceObject: {fileID: 0}
  m_PrefabInstance: {fileID: 0}
  m_PrefabAsset: {fileID: 0}
  m_GameObject: {fileID: 8767599814198282766}
  m_LocalRotation: {x: -0, y: -0, z: -0, w: 1}
  m_LocalPosition: {x: -0, y: 0, z: 0}
  m_LocalScale: {x: 1, y: 1, z: 1}
  m_Children:
  - {fileID: 8966989613229886261}
  m_Father: {fileID: 447934158985702527}
  m_RootOrder: 1
  m_LocalEulerAnglesHint: {x: 0, y: 0, z: 0}
--- !u!64 &5289904639086100665
MeshCollider:
  m_ObjectHideFlags: 0
  m_CorrespondingSourceObject: {fileID: 0}
  m_PrefabInstance: {fileID: 0}
  m_PrefabAsset: {fileID: 0}
  m_GameObject: {fileID: 8800329999729260195}
  m_Material: {fileID: 0}
  m_IsTrigger: 0
  m_Enabled: 1
  serializedVersion: 4
  m_Convex: 0
  m_CookingOptions: 30
  m_Mesh: {fileID: -1160748259619575287, guid: 694ba5d524ea48749ada021d0ad77b9c, type: 3}
--- !u!114 &8855725198286556005
MonoBehaviour:
  m_ObjectHideFlags: 0
  m_CorrespondingSourceObject: {fileID: 0}
  m_PrefabInstance: {fileID: 0}
  m_PrefabAsset: {fileID: 0}
  m_GameObject: {fileID: 8800329999729260195}
  m_Enabled: 1
  m_EditorHideFlags: 0
  m_Script: {fileID: 11500000, guid: 29412fa0587abc240bcea227686ff032, type: 3}
  m_Name: 
  m_EditorClassIdentifier: 
--- !u!64 &7652250180961939971
MeshCollider:
  m_ObjectHideFlags: 0
  m_CorrespondingSourceObject: {fileID: 0}
  m_PrefabInstance: {fileID: 0}
  m_PrefabAsset: {fileID: 0}
  m_GameObject: {fileID: 8828872049793264271}
  m_Material: {fileID: 0}
  m_IsTrigger: 0
  m_Enabled: 1
  serializedVersion: 4
  m_Convex: 0
  m_CookingOptions: 30
  m_Mesh: {fileID: -4379799486925300821, guid: 694ba5d524ea48749ada021d0ad77b9c, type: 3}
--- !u!114 &2808698390860580980
MonoBehaviour:
  m_ObjectHideFlags: 0
  m_CorrespondingSourceObject: {fileID: 0}
  m_PrefabInstance: {fileID: 0}
  m_PrefabAsset: {fileID: 0}
  m_GameObject: {fileID: 8828872049793264271}
  m_Enabled: 1
  m_EditorHideFlags: 0
  m_Script: {fileID: 11500000, guid: 29412fa0587abc240bcea227686ff032, type: 3}
  m_Name: 
  m_EditorClassIdentifier: 
--- !u!1 &8945595527230179212
GameObject:
  m_ObjectHideFlags: 0
  m_CorrespondingSourceObject: {fileID: 0}
  m_PrefabInstance: {fileID: 0}
  m_PrefabAsset: {fileID: 0}
  serializedVersion: 6
  m_Component:
  - component: {fileID: 8966989613229886261}
  m_Layer: 0
  m_Name: BasePoint
  m_TagString: Untagged
  m_Icon: {fileID: 0}
  m_NavMeshLayer: 0
  m_StaticEditorFlags: 0
  m_IsActive: 1
--- !u!4 &8966989613229886261
Transform:
  m_ObjectHideFlags: 0
  m_CorrespondingSourceObject: {fileID: 0}
  m_PrefabInstance: {fileID: 0}
  m_PrefabAsset: {fileID: 0}
  m_GameObject: {fileID: 8945595527230179212}
  m_LocalRotation: {x: 0, y: 0, z: 0, w: 1}
  m_LocalPosition: {x: -0, y: 0.233, z: 0}
  m_LocalScale: {x: 1, y: 1, z: 1}
  m_Children: []
  m_Father: {fileID: 4005494900731337274}
  m_RootOrder: 0
  m_LocalEulerAnglesHint: {x: 0, y: 0, z: 0}
--- !u!1001 &5070110450134019155
PrefabInstance:
  m_ObjectHideFlags: 0
  serializedVersion: 2
  m_Modification:
    m_TransformParent: {fileID: 671717570019291881}
    m_Modifications:
    - target: {fileID: -8679921383154817045, guid: 694ba5d524ea48749ada021d0ad77b9c, type: 3}
      propertyPath: m_RootOrder
      value: 1
      objectReference: {fileID: 0}
    - target: {fileID: -8679921383154817045, guid: 694ba5d524ea48749ada021d0ad77b9c, type: 3}
      propertyPath: m_LocalPosition.x
      value: 0
      objectReference: {fileID: 0}
    - target: {fileID: -8679921383154817045, guid: 694ba5d524ea48749ada021d0ad77b9c, type: 3}
      propertyPath: m_LocalPosition.y
      value: 0
      objectReference: {fileID: 0}
    - target: {fileID: -8679921383154817045, guid: 694ba5d524ea48749ada021d0ad77b9c, type: 3}
      propertyPath: m_LocalPosition.z
      value: 0
      objectReference: {fileID: 0}
    - target: {fileID: -8679921383154817045, guid: 694ba5d524ea48749ada021d0ad77b9c, type: 3}
      propertyPath: m_LocalRotation.w
      value: 0.7071068
      objectReference: {fileID: 0}
    - target: {fileID: -8679921383154817045, guid: 694ba5d524ea48749ada021d0ad77b9c, type: 3}
      propertyPath: m_LocalRotation.x
      value: 0
      objectReference: {fileID: 0}
    - target: {fileID: -8679921383154817045, guid: 694ba5d524ea48749ada021d0ad77b9c, type: 3}
      propertyPath: m_LocalRotation.y
      value: 0.7071068
      objectReference: {fileID: 0}
    - target: {fileID: -8679921383154817045, guid: 694ba5d524ea48749ada021d0ad77b9c, type: 3}
      propertyPath: m_LocalRotation.z
      value: 0
      objectReference: {fileID: 0}
    - target: {fileID: -8679921383154817045, guid: 694ba5d524ea48749ada021d0ad77b9c, type: 3}
      propertyPath: m_LocalEulerAnglesHint.x
      value: 0
      objectReference: {fileID: 0}
    - target: {fileID: -8679921383154817045, guid: 694ba5d524ea48749ada021d0ad77b9c, type: 3}
      propertyPath: m_LocalEulerAnglesHint.y
      value: 90
      objectReference: {fileID: 0}
    - target: {fileID: -8679921383154817045, guid: 694ba5d524ea48749ada021d0ad77b9c, type: 3}
      propertyPath: m_LocalEulerAnglesHint.z
      value: 0
      objectReference: {fileID: 0}
    - target: {fileID: -7250681773188262209, guid: 694ba5d524ea48749ada021d0ad77b9c, type: 3}
      propertyPath: m_Materials.Array.data[0]
      value: 
      objectReference: {fileID: 2100000, guid: c283f2350136fa0418272138788004b0, type: 2}
    - target: {fileID: -7243836824405859554, guid: 694ba5d524ea48749ada021d0ad77b9c, type: 3}
      propertyPath: m_LocalPosition.y
      value: 0.09696633
      objectReference: {fileID: 0}
    - target: {fileID: -6687635123276228303, guid: 694ba5d524ea48749ada021d0ad77b9c, type: 3}
      propertyPath: m_Materials.Array.data[0]
      value: 
      objectReference: {fileID: 2100000, guid: c283f2350136fa0418272138788004b0, type: 2}
    - target: {fileID: -4864543912785044752, guid: 694ba5d524ea48749ada021d0ad77b9c, type: 3}
      propertyPath: m_TagString
      value: Mesh
      objectReference: {fileID: 0}
    - target: {fileID: -2829469079514568434, guid: 694ba5d524ea48749ada021d0ad77b9c, type: 3}
      propertyPath: m_LocalPosition.x
      value: 0
      objectReference: {fileID: 0}
    - target: {fileID: -2829469079514568434, guid: 694ba5d524ea48749ada021d0ad77b9c, type: 3}
      propertyPath: m_LocalPosition.y
      value: 0.09696633
      objectReference: {fileID: 0}
    - target: {fileID: -1769257088325907242, guid: 694ba5d524ea48749ada021d0ad77b9c, type: 3}
      propertyPath: m_TagString
      value: Mesh
      objectReference: {fileID: 0}
    - target: {fileID: -1051365090934697432, guid: 694ba5d524ea48749ada021d0ad77b9c, type: 3}
      propertyPath: m_Materials.Array.data[0]
      value: 
      objectReference: {fileID: 2100000, guid: c283f2350136fa0418272138788004b0, type: 2}
    - target: {fileID: -454033054695631837, guid: 694ba5d524ea48749ada021d0ad77b9c, type: 3}
      propertyPath: m_IsActive
      value: 0
      objectReference: {fileID: 0}
    - target: {fileID: -454033054695631837, guid: 694ba5d524ea48749ada021d0ad77b9c, type: 3}
      propertyPath: m_TagString
      value: Mesh
      objectReference: {fileID: 0}
    - target: {fileID: 250825545326104439, guid: 694ba5d524ea48749ada021d0ad77b9c, type: 3}
      propertyPath: m_Materials.Array.data[0]
      value: 
      objectReference: {fileID: 2100000, guid: c283f2350136fa0418272138788004b0, type: 2}
    - target: {fileID: 563185271265693933, guid: 694ba5d524ea48749ada021d0ad77b9c, type: 3}
      propertyPath: m_LocalPosition.y
      value: 0.046
      objectReference: {fileID: 0}
    - target: {fileID: 641543669093261949, guid: 694ba5d524ea48749ada021d0ad77b9c, type: 3}
      propertyPath: m_Materials.Array.data[0]
      value: 
      objectReference: {fileID: 2100000, guid: c283f2350136fa0418272138788004b0, type: 2}
    - target: {fileID: 919132149155446097, guid: 694ba5d524ea48749ada021d0ad77b9c, type: 3}
      propertyPath: m_Name
      value: Gun turret_low
      objectReference: {fileID: 0}
    - target: {fileID: 3870941236475919354, guid: 694ba5d524ea48749ada021d0ad77b9c, type: 3}
      propertyPath: m_LocalPosition.x
      value: 0
      objectReference: {fileID: 0}
    - target: {fileID: 3870941236475919354, guid: 694ba5d524ea48749ada021d0ad77b9c, type: 3}
      propertyPath: m_LocalPosition.y
      value: 0.09696633
      objectReference: {fileID: 0}
    - target: {fileID: 4385048967649855196, guid: 694ba5d524ea48749ada021d0ad77b9c, type: 3}
      propertyPath: m_TagString
      value: Mesh
      objectReference: {fileID: 0}
    - target: {fileID: 7408357401567767066, guid: 694ba5d524ea48749ada021d0ad77b9c, type: 3}
      propertyPath: m_TagString
      value: Mesh
      objectReference: {fileID: 0}
    - target: {fileID: 7568716515760149394, guid: 694ba5d524ea48749ada021d0ad77b9c, type: 3}
      propertyPath: m_LocalPosition.y
      value: 0.1360994
      objectReference: {fileID: 0}
    m_RemovedComponents: []
  m_SourcePrefab: {fileID: 100100000, guid: 694ba5d524ea48749ada021d0ad77b9c, type: 3}
--- !u!4 &4744014351634435000 stripped
Transform:
  m_CorrespondingSourceObject: {fileID: -8679921383154817045, guid: 694ba5d524ea48749ada021d0ad77b9c, type: 3}
  m_PrefabInstance: {fileID: 5070110450134019155}
  m_PrefabAsset: {fileID: 0}
--- !u!1 &4606713752550586480 stripped
GameObject:
  m_CorrespondingSourceObject: {fileID: -454033054695631837, guid: 694ba5d524ea48749ada021d0ad77b9c, type: 3}
  m_PrefabInstance: {fileID: 5070110450134019155}
  m_PrefabAsset: {fileID: 0}
--- !u!1 &2347329067808638537 stripped
GameObject:
  m_CorrespondingSourceObject: {fileID: 7408357401567767066, guid: 694ba5d524ea48749ada021d0ad77b9c, type: 3}
  m_PrefabInstance: {fileID: 5070110450134019155}
  m_PrefabAsset: {fileID: 0}
--- !u!1 &8828872049793264271 stripped
GameObject:
  m_CorrespondingSourceObject: {fileID: 4385048967649855196, guid: 694ba5d524ea48749ada021d0ad77b9c, type: 3}
  m_PrefabInstance: {fileID: 5070110450134019155}
  m_PrefabAsset: {fileID: 0}
--- !u!1 &2391112999982456965 stripped
GameObject:
  m_CorrespondingSourceObject: {fileID: -1769257088325907242, guid: 694ba5d524ea48749ada021d0ad77b9c, type: 3}
  m_PrefabInstance: {fileID: 5070110450134019155}
  m_PrefabAsset: {fileID: 0}
--- !u!1 &8800329999729260195 stripped
GameObject:
  m_CorrespondingSourceObject: {fileID: -4864543912785044752, guid: 694ba5d524ea48749ada021d0ad77b9c, type: 3}
  m_PrefabInstance: {fileID: 5070110450134019155}
  m_PrefabAsset: {fileID: 0}
--- !u!1001 &8301548681772764440
PrefabInstance:
  m_ObjectHideFlags: 0
  serializedVersion: 2
  m_Modification:
    m_TransformParent: {fileID: 671717570019291881}
    m_Modifications:
    - target: {fileID: -8679921383154817045, guid: 694ba5d524ea48749ada021d0ad77b9c, type: 3}
      propertyPath: m_RootOrder
      value: 2
      objectReference: {fileID: 0}
    - target: {fileID: -8679921383154817045, guid: 694ba5d524ea48749ada021d0ad77b9c, type: 3}
      propertyPath: m_LocalPosition.x
      value: 0
      objectReference: {fileID: 0}
    - target: {fileID: -8679921383154817045, guid: 694ba5d524ea48749ada021d0ad77b9c, type: 3}
      propertyPath: m_LocalPosition.y
      value: 0
      objectReference: {fileID: 0}
    - target: {fileID: -8679921383154817045, guid: 694ba5d524ea48749ada021d0ad77b9c, type: 3}
      propertyPath: m_LocalPosition.z
      value: 0
      objectReference: {fileID: 0}
    - target: {fileID: -8679921383154817045, guid: 694ba5d524ea48749ada021d0ad77b9c, type: 3}
      propertyPath: m_LocalRotation.w
      value: 0.7071068
      objectReference: {fileID: 0}
    - target: {fileID: -8679921383154817045, guid: 694ba5d524ea48749ada021d0ad77b9c, type: 3}
      propertyPath: m_LocalRotation.x
      value: 0
      objectReference: {fileID: 0}
    - target: {fileID: -8679921383154817045, guid: 694ba5d524ea48749ada021d0ad77b9c, type: 3}
      propertyPath: m_LocalRotation.y
      value: 0.7071068
      objectReference: {fileID: 0}
    - target: {fileID: -8679921383154817045, guid: 694ba5d524ea48749ada021d0ad77b9c, type: 3}
      propertyPath: m_LocalRotation.z
      value: 0
      objectReference: {fileID: 0}
    - target: {fileID: -8679921383154817045, guid: 694ba5d524ea48749ada021d0ad77b9c, type: 3}
      propertyPath: m_LocalEulerAnglesHint.x
      value: 0
      objectReference: {fileID: 0}
    - target: {fileID: -8679921383154817045, guid: 694ba5d524ea48749ada021d0ad77b9c, type: 3}
      propertyPath: m_LocalEulerAnglesHint.y
      value: 90
      objectReference: {fileID: 0}
    - target: {fileID: -8679921383154817045, guid: 694ba5d524ea48749ada021d0ad77b9c, type: 3}
      propertyPath: m_LocalEulerAnglesHint.z
      value: 0
      objectReference: {fileID: 0}
    - target: {fileID: -7243836824405859554, guid: 694ba5d524ea48749ada021d0ad77b9c, type: 3}
      propertyPath: m_LocalPosition.y
      value: 0.145
      objectReference: {fileID: 0}
    - target: {fileID: -4864543912785044752, guid: 694ba5d524ea48749ada021d0ad77b9c, type: 3}
      propertyPath: m_IsActive
      value: 0
      objectReference: {fileID: 0}
    - target: {fileID: -2829469079514568434, guid: 694ba5d524ea48749ada021d0ad77b9c, type: 3}
      propertyPath: m_LocalPosition.y
      value: 0.68
      objectReference: {fileID: 0}
    - target: {fileID: -1769257088325907242, guid: 694ba5d524ea48749ada021d0ad77b9c, type: 3}
      propertyPath: m_IsActive
      value: 0
      objectReference: {fileID: 0}
    - target: {fileID: -1051365090934697432, guid: 694ba5d524ea48749ada021d0ad77b9c, type: 3}
      propertyPath: m_Materials.Array.data[0]
      value: 
      objectReference: {fileID: 2100000, guid: c283f2350136fa0418272138788004b0, type: 2}
    - target: {fileID: -454033054695631837, guid: 694ba5d524ea48749ada021d0ad77b9c, type: 3}
      propertyPath: m_IsActive
      value: 1
      objectReference: {fileID: 0}
    - target: {fileID: 563185271265693933, guid: 694ba5d524ea48749ada021d0ad77b9c, type: 3}
      propertyPath: m_LocalPosition.y
      value: 0.57
      objectReference: {fileID: 0}
    - target: {fileID: 919132149155446097, guid: 694ba5d524ea48749ada021d0ad77b9c, type: 3}
      propertyPath: m_Name
      value: Gun turret_low
      objectReference: {fileID: 0}
    - target: {fileID: 3870941236475919354, guid: 694ba5d524ea48749ada021d0ad77b9c, type: 3}
      propertyPath: m_LocalPosition.y
      value: 0.68
      objectReference: {fileID: 0}
    - target: {fileID: 4385048967649855196, guid: 694ba5d524ea48749ada021d0ad77b9c, type: 3}
      propertyPath: m_IsActive
      value: 0
      objectReference: {fileID: 0}
    - target: {fileID: 7408357401567767066, guid: 694ba5d524ea48749ada021d0ad77b9c, type: 3}
      propertyPath: m_IsActive
      value: 0
      objectReference: {fileID: 0}
    - target: {fileID: 7568716515760149394, guid: 694ba5d524ea48749ada021d0ad77b9c, type: 3}
      propertyPath: m_LocalPosition.y
      value: 0.64
      objectReference: {fileID: 0}
    m_RemovedComponents: []
  m_SourcePrefab: {fileID: 100100000, guid: 694ba5d524ea48749ada021d0ad77b9c, type: 3}
--- !u!4 &8412653699080448755 stripped
Transform:
  m_CorrespondingSourceObject: {fileID: -8679921383154817045, guid: 694ba5d524ea48749ada021d0ad77b9c, type: 3}
  m_PrefabInstance: {fileID: 8301548681772764440}
  m_PrefabAsset: {fileID: 0}
